@article{DenHartog1994,
    title = {{A fast spectroscopic diagnostic for the measurement of plasma impurity ion dynamics}},
    year = {1994},
    journal = {Review of Scientific Instruments},
    author = {Den Hartog, D. J. and Fonck, R. J.},
    doi = {10.1063/1.1144557},
    issn = {00346748}
}

@article{Lanier,
    title = {{An investigation of density fluctuations and electron transport in the Madison Symmetric Torus reversed-field pinch}},
    author = {Lanier, N E and Craig, D and Anderson, J K and Biewer, T M and Chapman, B E and Hartog, D J Den and Forest, C B and Prager, S C and Brower, D L and Jiang, Y},
    doi = {10.1063/1.1378328͔}
}

@article{Magee2011,
    title = {{Anisotropic ion heating and tail generation during tearing mode magnetic reconnection in a high-temperature plasma}},
    year = {2011},
    journal = {Physical Review Letters},
    author = {Magee, R. M. and Den Hartog, D. J. and Kumar, S. T A and Almagri, A. F. and Chapman, B. E. and Fiksel, G. and Mirnov, V. V. and Mezonlin, E. D. and Titus, J. B.},
    isbn = {0031-9007},
    doi = {10.1103/PhysRevLett.107.065005},
    issn = {00319007},
    pmid = {21902334}
}

@article{Gatto2001,
    title = {{Anomalous ion heating from ambipolar-constrained magnetic fluctuation-induced transport}},
    year = {2001},
    journal = {Physics of Plasmas},
    author = {Gatto, R. and Terry, P. W.},
    doi = {10.1063/1.1348035},
    issn = {1070664X}
}

@article{Kumar2012a,
    title = {{Classical confinement and outward convection of impurity ions in the MST RFP}},
    year = {2012},
    journal = {Physics of Plasmas},
    author = {Kumar, S. T.A. and Den Hartog, D. J. and Mirnov, V. V. and Caspary, K. J. and Magee, R. M. and Brower, D. L. and Chapman, B. E. and Craig, D. and Ding, W. X. and Eilerman, S. and Fiksel, G. and Lin, L. and Nornberg, M. and Parke, E. and Reusch, J. A. and Sarff, J. S.},
    doi = {10.1063/1.4718310},
    issn = {1070664X}
}

@article{Kumar2012,
    title = {{Classical impurity ion confinement in a toroidal magnetized fusion plasma}},
    year = {2012},
    journal = {Physical Review Letters},
    author = {Kumar, S. T A and Denhartog, D. J. and Caspary, K. J. and Magee, R. M. and Mirnov, V. V. and Chapman, B. E. and Craig, D. and Fiksel, G. and Sarff, J. S.},
    isbn = {1079-7114 (Electronic){\textbackslash}r0031-9007 (Linking)},
    doi = {10.1103/PhysRevLett.108.125006},
    issn = {00319007},
    pmid = {22540593}
}

@inproceedings{Reardon2003,
    title = {{Comparison of ion temperature diagnostics on the Madison symmetric torus reversed-field pinch}},
    year = {2003},
    booktitle = {Review of Scientific Instruments},
    author = {Reardon, J. C. and Craig, D. and Den Hartog, D. J. and Fiksel, G. and Prager, S. C.},
    doi = {10.1063/1.1538345},
    issn = {00346748}
}

@inproceedings{Butt1966,
    title = {{Conditions for improved stability in Zeta}},
    year = {1966},
    booktitle = {Plasma Physics and Controlled Nuclear Fusion Research. Proceedings of the Third International Conference on Plasma Physics and Controlled Nuclear Fusion Research. Vol. II},
    author = {Butt, E.P. and Cole, H.C. and Dellis, A.N. and Gibson, A. and Rusbridge, M.},
    pages = {751},
    publisher = {IAEA},
    address = {Vienna}
}

@inproceedings{Fiksel2006,
    title = {{Confinement of High Energy and High Temperature Ions in the MST Reversed Field Pinch}},
    year = {2006},
    booktitle = {Fusion Energy 2006, Proceedings of the 21st IAEA Conference},
    author = {Fiksel, G and Almagri, A F and Anderson, J K and Beklemishev, A D and Chapman, B E and Craig, D and Svidzinski, V and Tsidulko, Yu A}
}

@article{Rechester1978,
    title = {{Electron heat transport in a tokamak with destroyed magnetic surfaces}},
    year = {1978},
    journal = {Physical Review Letters},
    author = {Rechester, A. B. and Rosenbluth, M. N.},
    isbn = {0031-9007},
    doi = {10.1103/PhysRevLett.40.38},
    issn = {00319007}
}

@inproceedings{Robinson1969,
    title = {{Factors influencing the period of improved stability in Zeta}},
    year = {1969},
    booktitle = {Plasma Physics and Controlled Nuclear Fusion Research. Proceedings of the Third International Conference on Plasma Physics and Controlled Nuclear Fusion Research. Vol. I},
    author = {Robinson, D.C. and King, R.E.},
    pages = {263},
    publisher = {IAEA},
    address = {Vienna}
}

@inproceedings{Osakabe2008,
    title = {{Fast ion charge exchange spectroscopy measurement using a radially injected neutral beam on the large helical device}},
    year = {2008},
    booktitle = {Review of Scientific Instruments},
    author = {Osakabe, Masaki and Murakami, Sadayoshi and Yoshinuma, Mikirou and Ida, Katsumi and Whiteford, Allan and Goto, Motoshi and Kato, Daiji and Kato, Takako and Nagaoka, Kenichi and Tokuzawa, Tokihiko and Takeiri, Yasuhiko and Kaneko, Osamu},
    doi = {10.1063/1.2968695},
    issn = {00346748},
    pmid = {19044501}
}

@article{Piovesan2008,
    title = {{Filamentary current structures in the Madison Symmetric Torus}},
    year = {2008},
    journal = {Nuclear Fusion},
    author = {Piovesan, P. and Almagri, A. and Chapman, B. E. and Craig, D. and Marrelli, L. and Martin, P. and Prager, S. C. and Sarff, J. S.},
    doi = {10.1088/0029-5515/48/9/095003},
    issn = {00295515}
}

@article{Prager1990,
    title = {{First results from the Madison Symmetric Torus Reversed Field Pinch}},
    year = {1990},
    journal = {Physics of Fluids},
    author = {Prager, S.C. and Almagri, A.F. and Assadi, A. and Beckstead, J.A. and Dexter, R.N. and Den Hartog, D.J. and Chartas, G. and Hokin, S.A. and Lovell, T.W. and Sarff, J.S. and Shen, W. and Spragins, C.W. and Sprott, J.C.},
    number = {6},
    pages = {1368--1371},
    volume = {2}
}

@article{Craig,
    title = {{High throughput spectrometer for fast localized Doppler measurements}},
    author = {Craig, D and Hartog, D J Den and Ennis, D A and Gangadhara, S and Holly, D},
    doi = {10.1063/1.2424450͔}
}

@article{Barbui2014a,
    title = {{Impurity transport studies in the Madison Symmetric Torus reversed-field pinch during standard and pulsed poloidal current drive regimes}},
    year = {2014},
    journal = {Plasma Physics and Controlled Fusion},
    author = {Barbui, T. and Carraro, L. and Den Hartog, D. J. and Kumar, S. T.A. and Nornberg, M.},
    doi = {10.1088/0741-3335/56/7/075012},
    issn = {13616587},
    keywords = {impurities in plasmas, reversed-field pinch, transport properties}
}

@article{Barbui2014,
    title = {{Impurity transport studies in the Madison Symmetric Torus reversed-field pinch during standard and pulsed poloidal current drive regimes}},
    year = {2014},
    journal = {Plasma Physics and Controlled Fusion},
    author = {Barbui, T. and Carraro, L. and Den Hartog, D. J. and Kumar, S. T.A. and Nornberg, M.},
    doi = {10.1088/0741-3335/56/7/075012},
    issn = {13616587},
    keywords = {impurities in plasmas, reversed-field pinch, transport properties}
}

@article{Fikselb,
    title = {{Ion Heating and Current and Momentum Profile Relaxation During Sawtooth Crashes in the MST Reversed Field Pinch}},
    author = {Fiksel, G and Almagri, A F and Anderson, J K and Biewer, T M and Blair, A P and Brower, D L and Chapman, B E and Craig, D and Den Hartog, D J and Ding, W X and Forest, C B and Hegna, C C and Gatto, R and Goetz, J and Mccollam, K J and Mirnov, V V and O 'connell, R and Prager, S C and Reardon, J C and Sarff, J S and Terry, P W and Terry, S D}
}

@article{Fiksela,
    title = {{Ion Heating and Current and Momentum Profile Relaxation During Sawtooth Crashes in the MST Reversed Field Pinch}},
    author = {Fiksel, G and Almagri, A F and Anderson, J K and Biewer, T M and Blair, A P and Brower, D L and Chapman, B E and Craig, D and Den Hartog, D J and Ding, W X and Forest, C B and Hegna, C C and Gatto, R and Goetz, J and Mccollam, K J and Mirnov, V V and O 'connell, R and Prager, S C and Reardon, J C and Sarff, J S and Terry, P W and Terry, S D}
}

@article{Gangadhara2008,
    title = {{Ion heating during reconnection in the Madison Symmetric Torus reversed field pinch}},
    year = {2008},
    journal = {Physics of Plasmas},
    author = {Gangadhara, S. and Craig, D. and Ennis, D. A. and Den Hartog, D. J. and Fiksel, G. and Prager, S. C.},
    doi = {10.1063/1.2884038},
    issn = {1070664X},
    pmid = {17359029}
}

@article{Boguski,
    title = {{Ion Velocity Profile Measurements in MST's Single Helical Axis State}},
    author = {Boguski, J and Nornberg, M D and Craig, D and Mccollam, K and Nishizawa, T and Sarff, J and Xing, A}
}

@article{Nishizawa2017a,
    title = {{Linearized spectrum correlation analysis for line emission measurements}},
    year = {2017},
    journal = {Citation: Review of Scientific Instruments},
    author = {Nishizawa, T and Nornberg, M D and Den Hartog, D J and Sarff, J S},
    number = {083513},
    volume = {88},
    url = {http://dx.doi.org/10.1063/1.4999450 http://aip.scitation.org/toc/rsi/88/8},
    doi = {10.1063/1.4999450}
}

@article{Nishizawa2017,
    title = {{Linearized spectrum correlation analysis for line emission measurements}},
    year = {2017},
    journal = {Citation: Review of Scientific Instruments},
    author = {Nishizawa, T and Nornberg, M D and Den Hartog, D J and Sarff, J S},
    number = {083513},
    volume = {88},
    url = {http://dx.doi.org/10.1063/1.4999450 http://aip.scitation.org/toc/rsi/88/8},
    doi = {10.1063/1.4999450}
}

@article{Ennis2010,
    title = {{Local measurements of tearing mode flows and the magnetohydrodynamic dynamo in the Madison Symmetric Torus reversed-field pinch}},
    year = {2010},
    journal = {Physics of Plasmas},
    author = {Ennis, D. A. and Craig, D. and Gangadhara, S. and Anderson, J. K. and Den Hartog, D. J. and Ebrahimi, F. and Fiksel, G. and Prager, S. C.},
    doi = {10.1063/1.3458667},
    issn = {1070664X}
}

@article{Fiksel2009,
    title = {{Mass-dependent ion heating during magnetic reconnection in a laboratory plasma}},
    year = {2009},
    journal = {Physical Review Letters},
    author = {Fiksel, G. and Almagri, A. F. and Chapman, B. E. and Mirnov, V. V. and Ren, Y. and Sarff, J. S. and Terry, P. W.},
    doi = {10.1103/PhysRevLett.103.145002},
    issn = {00319007},
    pmid = {19905576}
}

@article{Lanier2001,
    title = {{Measurement of electron transport in the Madison Symmetric Torus reversed-field pinch (invited)}},
    year = {2001},
    journal = {Review of Scientific Instruments},
    author = {Lanier, N. E. and Craig, D. and Anderson, J. K. and Biewer, T. M. and Chapman, B. E. and Den Hartog, D. J. and Forest, C. B. and Prager, S. C. and Brower, D. L. and Jiang, Y.},
    isbn = {0034-6748},
    doi = {10.1063/1.1319613},
    issn = {00346748}
}

@article{Svidzinski2008,
    title = {{Modeling of ion heating from viscous damping of reconnection flows in the reversed field pinch}},
    year = {2008},
    journal = {Phys. Plasmas Phys. Plasmas Journal Homepage},
    author = {Svidzinski, V A and Fiksel, G and Mirnov, V V and Prager, S C},
    volume = {15},
    url = {http://dx.doi.org/10.1063/1.2937121 http://pop.aip.org/resource/1/PHPAEN/v15/i6 http://pop.aip.org/ http://pop.aip.org/about/about_the_journal http://pop.aip.org/features/most_downloaded http://pop.aip.org/authors},
    doi = {10.1063/1.2937121͔}
}

@article{Tan2017,
    title = {{MST Flow Project Updates}},
    year = {2017},
    author = {Tan, Ellie}
}

@article{Ding2007,
    title = {{Nonambipolar magnetic-fluctuation-induced particle transport and plasma flow in the MST reversed-field pinch}},
    year = {2007},
    journal = {Physical Review Letters},
    author = {Ding, W. X. and Brower, D. L. and Craig, D. and Deng, B. H. and Prager, S. C. and Sarff, J. S. and Svidzinski, V.},
    doi = {10.1103/PhysRevLett.99.055004},
    issn = {00319007},
    pmid = {17930765}
}

@article{Fiksel2005,
    title = {{Observation of weak impact of a stochastic magnetic field on fast-ion confinement}},
    year = {2005},
    journal = {Physical Review Letters},
    author = {Fiksel, G. and Hudson, B. and Den Hartog, D. J. and Magee, R. M. and O'Connell, R. and Prager, S. C. and Beklemishev, A. D. and Davydenko, V. I. and Ivanov, A. A. and Tsidulko, Yu A.},
    doi = {10.1103/PhysRevLett.95.125001},
    issn = {00319007}
}

@article{Truong2016,
    title = {{Optimization and application of cooled avalanche photodiodes for spectroscopic fluctuation measurements with ultra-fast charge exchange recombination spectroscopy}},
    year = {2016},
    journal = {Review of Scientific Instruments},
    author = {Truong, D. D. and Fonck, R. J. and McKee, G. R.},
    doi = {10.1063/1.4963147},
    issn = {10897623}
}

@article{Svidzinski2000,
    title = {{Plasma heating in stellarators at the fundamental ion cyclotron frequency}},
    year = {2000},
    journal = {Physics of Plasmas},
    author = {Svidzinski, V. A. and Swanson, D. G.},
    doi = {10.1063/1.873847},
    issn = {1070664X}
}

@article{Fonck1983,
    title = {{Plasma ion temperature measurements via charge exchange recombination radiation}},
    year = {1983},
    journal = {Applied Physics Letters},
    author = {Fonck, R. J. and Goldston, R. J. and Kaita, R. and Post, D. E.},
    isbn = {00036951},
    doi = {10.1063/1.93893},
    issn = {00036951}
}

@article{Chapman2001,
    title = {{Reduced edge instability and improved confinement in the MST reversed-field pinch}},
    year = {2001},
    journal = {Physical Review Letters},
    author = {Chapman, B. E. and Anderson, J. K. and Biewer, T. M. and Brower, D. L. and Castillo, S. and Chattopadhyay, P. K. and Chiang, C. S. and Craig, D. and Den Hartog, D. J. and Fiksel, G. and Fontana, P. W. and Forest, C. B. and Gerhardt, S. and Hansen, A. K. and Holly, D. and Jiang, Y. and Lanier, N. E. and Prager, S. C. and Reardon, J. C. and Sarff, J. S.},
    doi = {10.1103/PhysRevLett.87.205001},
    issn = {10797114},
    pmid = {11690477}
}

@article{Taylor1974,
    title = {{Relaxation of toroidal plasma and generation of reverse magnetic fields}},
    year = {1974},
    journal = {Physical Review Letters},
    author = {Taylor, J. B.},
    number = {19},
    pages = {1139--1141},
    volume = {33},
    isbn = {0031-9007},
    doi = {10.1103/PhysRevLett.33.1139}
}

@article{Dux2014,
    title = {{STRAHL User Manual}},
    year = {2014},
    author = {Dux, Ralph}
}

@article{Adams,
    title = {{Summary of m=0 burst studies}},
    author = {Adams, Dylan}
}

@article{Terry,
    title = {{TH/P8-43 Role of Impurity Cyclotron Damping in Ion Heating and RFP Turbulence}},
    author = {Terry, P W and Tangri, V and Sarff, J S and Fiksel, G and Almagri, A F and Ren, Y and Prager, S C}
}

@article{Dexter1991,
    title = {{The Madison Symmetric Torus}},
    year = {1991},
    journal = {Fusion Technology},
    author = {Dexter, R.N. and Kerst, D.W. and Lovell, T.W. and Prager, S.C. and Sprott, J.C.},
    pages = {131--139},
    volume = {19}
}

@phdthesis{Wyman2007,
    title = {{THE PHYSICS OF HIGH-DENSITY, HIGH-{$\beta$} REVERSED-FIELD PINCH PLASMAS}},
    year = {2007},
    author = {Wyman, Max D},
    school = {University of Wisconsin-Madison}
}

@article{Najmabadi1999,
    title = {{The Report of the Subpanel to FESAC Concerning Alternative Concepts}},
    year = {1999},
    journal = {Journal of Fusion Energy},
    author = {Najmabadi, Farrokh and Drake, James and Freidberg, Jeffrey and Hill, David and Mauel, Michael and Navratil, Gerald and Nevins, William and Ono, Masayuki and Prager, Stewart and Rosenbluth, Marshall and Stambaugh, Ronald and Schoenberg, Kurt and Takase, Yuichi and Wilson, Kenneth},
    number = {3},
    pages = {161--187},
    volume = {18},
    keywords = {Fusion science, fusion alternative concepts, fusion energy}
}

@article{Elliott2016,
    title = {{Two-photon LIF on the HIT-SI3 experiment: Absolute density and temperature measurements of deuterium neutrals}},
    year = {2016},
    journal = {Review of Scientific Instruments},
    author = {Elliott, Drew and Sutherland, Derek and Siddiqui, Umair and Scime, Earl and Everson, Chris and Morgan, Kyle and Hossack, Aaron and Nelson, Brian and Jarboe, Tom},
    pages = {11E506},
    volume = {87},
    doi = {10.1063/1.4955494}
}

@article{DenHartog2006Advancesinvited,
    title = {{Advances in neutral-beam-based diagnostics on the Madison Symmetric Torus reversed-field pinch (invited)}},
    year = {2006},
    journal = {Review of Scientific Instruments},
    author = {Den Hartog, D. J. and Craig, D. and Ennis, D. A. and Fiksel, G. and Gangadhara, S. and Holly, D. J. and Reardon, J. C. and Davydenko, V. I. and Ivanov, A. A. and Lizunov, A. A. and O{\&}apos;Mullane, M. G. and Summers, H. P.},
    number = {10},
    pages = {10F122},
    volume = {77},
    doi = {10.1063/1.2217920}
}

@article{Puiatti2003AnalysisRFX,
    title = {{Analysis and modelling of the magnetic and plasma profiles during PPCD experiments in RFX}},
    year = {2003},
    journal = {Nuclear Fusion},
    author = {Puiatti, M.E and Cappello, S and Lorenzini, R and Martini, S and Ortolani, S and Paccagnella, R and Sattin, F and Terranova, D and Bolzonella, T and Buffa, A and Canton, A and Carraro, L and Escande, D.F and Garzotti, L and Innocente, P and Marrelli, L and Martines, E and Scarin, P and Spizzo, G and Valisa, M and Zanca, P and Antoni, V and Apolloni, L and Bagatin, M and Baker, W and Barana, O and Bettella, D and Bettini, P and Cavazzana, R and Cavinato, M and Chitarin, G and Cravotta, A and D'Angelo, F and Bello, S. Dal and Lorenzi, A. De and Desideri, D and Fiorentin, P and Franz, P and Frassinetti, L and Gaio, E and Giudicotti, L and Gnesotto, F and Grando, L and Guo, S.C and Luchetta, A and Malesani, G and Manduchi, G and Marchiori, G and Marcuzzi, D and Martin, P and Masiello, A and Milani, F and Moresco, M and Murari, A and Nielsen, P and Pasqualotto, R and P{\'{e}}gourie, B and Peruzzo, S and Piovan, R and Piovesan, P and Pomaro, N and Preti, G and Regnoli, G and Rostagni, G and Serianni, G and Sonato, P and Spada, E and Spolaore, M and Taliercio, C and Telesca, G and Toigo, V and Vianello, N and Zaccaria, P and Zaniol, B and Zanotto, L and Zilli, E and Zollino, G and Zuin, M},
    number = {10},
    month = {10},
    pages = {1057--1065},
    volume = {43},
    url = {http://stacks.iop.org/0029-5515/43/i=10/a=006?key=crossref.6482daadbe01d76ca10fac57c3558ee9},
    doi = {10.1088/0029-5515/43/10/006},
    issn = {0029-5515}
}

@article{Tangri2008AnomalousPinch,
    title = {{Anomalous impurity ion heating from Alfv{\'{e}}nic cascade in the reversed field pinch}},
    year = {2008},
    journal = {Physics of Plasmas},
    author = {Tangri, Varun and Terry, P W and Fiksel, Gennady},
    pages = {112501},
    volume = {15},
    doi = {10.1063/1.2998829͔}
}

@article{Bevington_opt,
    title = {{Bevington{\_}opt}}
}

@article{Schnack1990ComputationalExperiment,
    title = {{Computational modelling of the effect of a resistive shell on the RFX reversed field pinch experiment}},
    year = {1990},
    journal = {Nuclear Fusion},
    author = {Schnack, D. D. and Ortolani, S.},
    number = {2},
    pages = {277},
    volume = {30},
    url = {http://stacks.iop.org/0029-5515/30/i=2/a=007},
    doi = {10.1088/0029-5515/30/2/007}
}

@misc{StotlerDEGAS2Manual,
    title = {{DEGAS2 User's Manual}},
    author = {Stotler, D. and Karney, C. and Kanzleiter, R. and Jaishankar, S.},
    url = {http://w3.ppl.gov/degas2/Doc/degas2all.pdf}
}

@article{Anderson2004EquilibriumPinch,
    title = {{Equilibrium reconstruction in the Madison Symmetric Torus reversed field pinch}},
    year = {2004},
    journal = {Nuclear Fusion},
    author = {Anderson, J K and Forest, C B and Biewer, T M and Sarff, J S and Wright, J C},
    number = {1},
    pages = {162},
    volume = {44},
    url = {http://stacks.iop.org/0029-5515/44/i=1/a=018}
}

@article{Chapman2002HighPinch,
    title = {{High confinement plasmas in the Madison Symmetric Torus reversed-field pinch}},
    year = {2002},
    journal = {Physics of Plasmas},
    author = {Chapman, B. E. and Almagri, A. F. and Anderson, J. K. and Biewer, T. M. and Chattopadhyay, P. K. and Chiang, C. S. and Craig, D. and Den Hartog, D. J. and Fiksel, G. and Forest, C. B. and Hansen, A. K. and Holly, D. and Lanier, N. E. and O'Connell, R. and Prager, S. C. and Reardon, J. C. and Sarff, J. S. and Wyman, M. D. and Brower, D. L. and Ding, W. X. and Jiang, Y. and Terry, S. D. and Franz, P. and Marrelli, L. and Martin, P.},
    number = {5},
    pages = {2061--2068},
    volume = {9},
    doi = {10.1063/1.1456930}
}

@article{HomoWas,
    title = {{Homo Sapiens is as Homo Sapiens was}}
}

@article{Nornberg2018IncorporatingCharge,
    title = {{Incorporating Beam Attenuation Calculations into an Integrated Data Analysis Model for Ion Effective Charge}},
    year = {2018},
    journal = {Fusion Science and Technology},
    author = {Nornberg, M D and Hartog, D J Den and Reusch, L M},
    doi = {10.1080/15361055.2017.1387008},
    keywords = {experimental design, ion-effective charge, — Integrated data analysis}
}

@article{M0fillament_aps16_poster,
    title = {{m0fillament{\_}aps16{\_}poster}}
}

@book{Ortolani1993MagnetohydrodynamicsRelaxation,
    title = {{Magnetohydrodynamics of Plasma Relaxation}},
    year = {1993},
    author = {Ortolani, S. and Schnack, Dalton D.},
    publisher = {World Scientific}
}

@article{Terry2004MeasurementTorus,
    title = {{Measurement of current profile dynamics in the Madison Symmetric Torus}},
    year = {2004},
    journal = {Physics of Plasmas},
    author = {Terry, S. D. and Brower, D. L. and Ding, W. X. and Anderson, J. K. and Biewer, T. M. and Chapman, B. E. and Craig, D. and Forest, C. B. and O'Connell, R. and Prager, S. C. and Sarff, J. S.},
    number = {3},
    pages = {1079},
    volume = {11},
    doi = {10.1063/1.1643917}
}

@article{Stotler2015MidplaneExperiment,
    title = {{Midplane neutral density profiles in the National Spherical Torus Experiment}},
    year = {2015},
    journal = {Physics of Plasmas},
    author = {Stotler, D. P. and Scotti, F. and Bell, R. E. and Diallo, A. and LeBlanc, B. P. and Podest{\`{a}}, M. and Roquemore, A. L. and Ross, P. W.},
    pages = {086506},
    volume = {22},
    doi = {10.1063/1.4928372}
}

@article{Owen1999ModelingDIII-D,
    title = {{Modeling of neutral particle distributions at the L to H transition in DIII-D}},
    year = {1999},
    journal = {Journal of Nuclear Materials},
    author = {Owen, L. W. and Carreras, B. A. and Maingi, R. and Mioduszewski, P. K. and Carlstrom, T. N. and Groebner, R. J.},
    pages = {890--895},
    volume = {266-269},
    doi = {10.1016/S0022-3115(98)00881-2}
}

@article{Brower2001MultichannelPinch,
    title = {{Multichannel far-infrared polarimeter-interferometer system on the MST reversed field pinch}},
    year = {2001},
    journal = {Review of Scientific Instruments},
    author = {Brower, D. L. and Jiang, Y. and Ding, W. X. and Terry, S. D. and Lanier, N. E. and Anderson, J. K. and Forest, C. B. and Holly, D.},
    pages = {1077},
    volume = {72},
    isbn = {0034-6748},
    doi = {10.1063/1.1321744}
}

@article{Stotler1994Neutral2,
    title = {{Neutral Gas Transport Modeling with DEGAS 2}},
    year = {1994},
    journal = {Contributions to Plasma Physics},
    author = {Stotler, Daren and Karney, Charles},
    number = {2/3},
    pages = {392--397},
    volume = {15},
    isbn = {1521-3986},
    doi = {10.1002/ctpp.2150340246}
}

@article{Ho1991NonlinearPinches,
    title = {{Nonlinear dynamics of field maintenance and quasiperiodic relaxation in reversed-field pinches}},
    year = {1991},
    journal = {Physics of Fluids B},
    author = {Ho, Y. L. and Craddock, G. G.},
    doi = {10.1063/1.859868},
    issn = {08998221}
}

@book{Huba2016NRLFORMULARY,
    title = {{NRL PLASMA FORMULARY}},
    year = {2016},
    author = {Huba, J D},
    publisher = {Office of Naval Research},
    url = {https://www.nrl.navy.mil/ppd/sites/www.nrl.navy.mil.ppd/files/pdfs/NRL_FORMULARY_16.pdf},
    address = {Washington, DC.}
}

@article{Duff2018ObservationPlasmas,
    title = {{Observation of trapped-electron-mode microturbulence in reversed field pinch plasmas}},
    year = {2018},
    journal = {Physics of Plasmas},
    author = {Duff, J R and Williams, Z R and Brower, D L and Chapman, B E and Ding, W X and Pueschel, M J and Sarff, J S and Terry, P W},
    pages = {010701},
    volume = {25},
    url = {https://doi.org/10.1063/1.5010198}
}

@article{Stotler2013PedestalCode,
    title = {{Pedestal fueling simulations with a coupled kinetic plasma-kinetic neutral transport code}},
    year = {2013},
    journal = {Journal of Nuclear Materials},
    author = {Stotler, D. P. and Chang, C. S. and Ku, S. H. and Lang, J. and Park, G. Y.},
    pages = {S1275--S1279},
    volume = {438},
    doi = {10.1016/j.jnucmat.2013.01.046}
}

@article{DenHartog2010Pulse-burstScattering,
    title = {{Pulse-burst laser systems for fast Thomson scattering}},
    year = {2010},
    journal = {Review of Scientific Instruments},
    author = {Den Hartog, D. J. and Ambuel, J. R. and Borchardt, M. T. and Falkowski, A. F. and Harris, W. S. and Holly, D. J. and Parke, E. and Reusch, J. A. and Robl, P. E. and Stephens, H. D. and Yang, Y. M.},
    pages = {10D513},
    volume = {81},
    doi = {10.1063/1.3475723},
    pmid = {21033868}
}

@article{Bartiromo1999RecentExperiment,
    title = {{Recent progress in reversed field pinch research in the RFX experiment}},
    year = {1999},
    journal = {Nuclear Fusion},
    author = {Bartiromo, R and Buffa, A and Antoni, V and Apolloni, L and Bagatin, M and Baker, W and Bellina, F and Bettini, P and Bilato, R and Bolzonella, T and Canton, A and Cappello, S and Carraro, L and Cavazzana, R and Chitarin, G and Costa, S and D'Angelo, F and Lorenzi, A. De and Pol, G. De and Desideri, D and Escande, D and Fiorentin, P and Franz, P and Gaio, E and Garzotti, L and Giudicotti, L and Gnesotto, F and Gregoratto, D and Guo, S.C and Innocente, P and Intravaia, A and Luchetta, A and Malesani, G and Manduchi, G and Marchiori, G and Marrelli, L and Martin, P and Martines, E and Martini, S and Maschio, A and Masiello, A and Milani, F and Moresco, M and Murari, A and Ortolani, S and Paccagnella, R and Pasqualotto, R and Peruzzo, S and Piovan, R and Pomaro, N and Pugno, R and Puiatti, M.E and Rostagni, G and Sattin, F and Scarin, P and Serianni, G and Sonato, P.G and Spada, E and Spizzo, G and Spolaore, M and Taliercio, C and Telesca, G and Terranova, D and Toigo, V and Tramontin, L and Valisa, M and Viterbo, M and Vitturi, S and Zaccaria, P and Zanca, P and Zilli, E and Zollino, G},
    number = {11Y},
    month = {11},
    pages = {1697--1705},
    volume = {39},
    url = {http://stacks.iop.org/0029-5515/39/i=11Y/a=309?key=crossref.ea3548aba0f723ace56c2112ba74c3ef},
    doi = {10.1088/0029-5515/39/11Y/309},
    issn = {0029-5515}
}

@article{Bodin1980Reversed-field-pinchReserarch,
    title = {{Reversed-field-pinch reserarch}},
    year = {1980},
    journal = {Nuclear Fusion},
    author = {Bodin, H A B and Newton, A A},
    pages = {1255},
    volume = {20}
}

@article{Schnack1987Semi-implicitCalculations,
    title = {{Semi-implicit magnetohydrodynamic calculations}},
    year = {1987},
    journal = {Journal of Computational Physics},
    author = {Schnack, D. D. and Barnes, D. C. and Mikic, Z. and Harned, Douglas S. and Caramana, E. J.},
    pages = {330--354},
    volume = {70},
    doi = {10.1016/0021-9991(87)90186-0}
}

@article{Yates2008SimultaneousMST,
    title = {{Simultaneous density and magnetic field fluctuation measurements by far-infrared interferometry and polarimetry in MST}},
    year = {2008},
    journal = {Review of Scientific Instruments},
    author = {Yates, T. F. and Ding, W. X. and Carter, T. A. and Brower, D. L.},
    pages = {10E714},
    volume = {79},
    isbn = {0034-6748},
    doi = {10.1063/1.2966377},
    pmid = {19044532}
}

@article{Eilerman2012Time-resolvedPinch,
    title = {{Time-resolved ion energy distribution measurements using an advanced neutral particle analyzer on the MST reversed-field pinch}},
    year = {2012},
    journal = {Review of Scientific Instruments},
    author = {Eilerman, S. and Anderson, J. K. and Reusch, J. A. and Liu, D. and Fiksel, G. and Polosatkin, S. and Belykh, V.},
    number = {10},
    pages = {10D302},
    volume = {83},
    isbn = {1089-7623},
    doi = {10.1063/1.4728312},
    pmid = {23126829}
}

@incollection{Braginskii1965TransportPlasma,
    title = {{Transport Processes in Plasma}},
    year = {1965},
    booktitle = {Reviews of Plasma Physics},
    author = {Braginskii, S.I.},
    editor = {Leontovich, M.A.},
    chapter = {Vol. 1},
    pages = {174},
    publisher = {Consultants Bureau},
    address = {New York}
}

@article{Sarff1995TransportPinch,
    title = {{Transport reduction by current profile control in the reversed-field pinch}},
    year = {1995},
    journal = {Physics of Plasmas},
    author = {Sarff, J. S. and Almagri, A. F. and Cekic, M. and Chaing, C. S. and Craig, D. and Den Hartog, D. J. and Fiksel, G. and Hokin, S. A. and Harvey, R. W. and Ji, H. and Litwin, C. and Prager, S. C. and Sinitsyn, D. and Sovinec, C. R. and Sprott, J. C. and Uchimoto, E.},
    number = {6},
    pages = {2440--2446},
    volume = {2},
    doi = {10.1063/1.871268}
}

@article{Williams2017TurbulencePinch,
    title = {{Turbulence, transport, and zonal flows in the Madison symmetric torus reversed-field pinch}},
    year = {2017},
    journal = {Physics of Plasmas},
    author = {Williams, Z. R. and Pueschel, M. J. and Terry, P. W. and Hauff, T.},
    pages = {122309},
    doi = {10.1063/1.5000252}
}

@article{Kubala2016UpgradesDiagnostic,
    title = {{Upgrades to improve the usability, reliability, and spectral range of the MST Thomson scattering diagnostic}},
    year = {2016},
    journal = {Citation: Rev. Sci. Instrum},
    author = {Kubala, S Z and Borchardt, M T and Hartog, D J Den and Holly, D J and Jacobson, C M and Morton, L A and Young, W C},
    pages = {11E547},
    volume = {87},
    url = {http://dx.doi.org/10.1063/1.4962251},
    doi = {10.1063/1.4962251}
}