@article{NishizawaPRLSubmitted,
    author = {T. Nishizawa and M.D. Nornberg, and J. Boguski and D.J. {Den Hartog} and J.S. Sarff and Z.R. Williams and Z.A. Xing},
    title = {Measurement of Impurity Transport Associated with Drift-Wave Turbulence in Toroidal Plasma},
    journal = {Physical Review Letters},
    year = {submitted for publication},
    }