@PhdThesis{ReynoldsThesis,
	author = {James M. Reynolds},
	title = {Numerical Simulations of Dynamo Suppression During Pulse Poloidal Current Drive in the Reversed Field Pinch},
	school = {University of Wisconsin-Madison},
	year = {2007},
}
@PhdThesis{AndersonThesis,
	author = {Jay K. Anderson},
	title = {Measurement of the Electrical Resistivity Profile in the Madison Symmetric Torus},
	school = {University of Madison-Wisconsin},
	year = {2001},
}

@PhdThesis{BiewerThesis,
	author = {Theodore Mathias Biewer},
	title = {Electron Thermal Transport in the Madison Symmetric Torus},
	school = {University of Wisconsin-Madison},
	year = {2002},
}
@PhdThesis{MageeThesis,
	author = {author},
	title = {title},
	school = {University of Wisconsin-Madison},
	year = {2011},
}

@PhdThesis{LanierThesis,
	author = {Nicholas E. Lanier},
	title = {Electron Density Fluctuations and Fluctuation-Induced Transport in the Reversed-Field Pinch},
	school = {University of Wisconsin-Madison},
	year = {1999},

}